@ARTICLE{domino2019,
      author = {Domino, S. and Sakievich, P. and Barone, M.},
       title = {An assessment of atypical mesh topologies for low-{M}ach large-eddy simulation},
     journal = {Comp. Fluids},
        year = {2019},
      volume = {179},
       pages = {655--669}
}

@ARTICLE{taylorGreen,
      author = "Taylor, G. I. and Green, A. E.",
       title = "Mechanism of the Production of Small Eddies from Large Ones",
     journal = "Proc. Roy. Soc. Lond.",
        year = "1937",
      volume = "158",
       pages = "499--521"
}

@INPROCEEDINGS{hillewaert2012,
  author =   {Hillewaert, K.},
  title =    {First International Workshop on High-Order CFD Methods},
  series =    {50th Aerospace Sciences Meeting and Exhibit, Aerospace Sciences Meeting, Nashville, TN, Jan.~7--8, 2012},

  NUMBER =       {AIAA 2012},
  YEAR =         {2012},
  organization = {AIAA},
  address =      {AIAA, Washington, D.C.}
}

@article{bullAndJameson2015,
author = {Bull, J. R. and Jameson, A.},
title = {Simulation of the Taylorâ€“Green Vortex Using High-Order Flux Reconstruction Schemes},
journal = {AIAA Journal},
volume = {53},
number = {9},
pages = {2750-2761},
year = {2015},
doi = {10.2514/1.J053766}
}