%% This BibTeX bibliography file was created using BibDesk.
%% http://bibdesk.sourceforge.net/

%% Created for Vijayakumar, Ganesh at 2017-04-29 00:49:29 -0600 


%% Saved with string encoding Unicode (UTF-8) 



@article{Sorensen:2002,
	Annote = {10.1115/1.1471361},
	Author = {S{\o}rensen, Jens N{\o}rk{\ae}r and Shen, Wen Zhong},
	Date = {2002/05/28},
	Date-Added = {2017-04-29 06:49:09 +0000},
	Date-Modified = {2017-04-29 06:49:20 +0000},
	Isbn = {0098-2202},
	Journal = {Journal of Fluids Engineering},
	M3 = {doi: 10.1115/1.1471361},
	Month = {05},
	N2 = {An aerodynamical model for studying three-dimensional flow fields about wind turbine rotors is presented. The developed algorithm combines a three-dimensional Navier-Stokes solver with a so-called actuator line technique in which the loading is distributed along lines representing the blade forces. The loading is determined iteratively using a blade-element approach and tabulated airfoil data. Computations are carried out for a 500 kW Nordtank wind turbine equipped with three LM19.1 blades. The computed power production is found to be in good agreement with measurements. The computations give detailed information about basic features of wind turbine wakes, including distributions of interference factors and vortex structures. The model serves in particular to analyze and verify the validity of the basic assumptions employed in the simple engineering models.},
	Number = {2},
	Pages = {393--399},
	Publisher = {ASME},
	Title = {Numerical Modeling of Wind Turbine Wakes},
	Ty = {JOUR},
	Url = {http://dx.doi.org/10.1115/1.1471361},
	Volume = {124},
	Year = {2002},
	Bdsk-Url-1 = {http://dx.doi.org/10.1115/1.1471361}}

@article{Baliga:1980,
	Abstract = { A general numerical method for convection-diffusion problems is presented. The method is formulated for two-dimensional problems, but its key Ideas can be extended to three-dimensional problems. The calculation domain is first divided into three-node triangular elements, and then polygonal control volumes are constructed by joining the centroids of the elements to the midpoints of the corresponding sides. In each element, the dependent variable is interpolated exponentially in the direction of the element-average velocity vector and linearly in the direction normal to it. These interpolation functions respond to an element Peclet number and become linear when it approaches zero. The discretization equations are obtained by deriving algebraic approximations to integral conservation equations applied to the polygonal control volumes. The proposed method has the conservative property, can handle problems in the whole range of Peclet numbers, and avoids the false-diffusion difficulties that commonly afflict other methods. It has been successfully applied to a number of test problems. },
	Author = {B. R. Baliga and S. V. Patankar},
	Date-Added = {2016-09-07 14:30:16 +0000},
	Date-Modified = {2016-09-07 14:31:31 +0000},
	Doi = {10.1080/01495728008961767},
	Eprint = {http://dx.doi.org/10.1080/01495728008961767},
	Journal = {Numerical Heat Transfer},
	Number = {4},
	Pages = {393-409},
	Title = {A new finite-element formulation for convection-diffusion problems},
	Url = {http://dx.doi.org/10.1080/01495728008961767},
	Volume = {3},
	Year = {1980},
	Bdsk-File-1 = {YnBsaXN0MDDUAQIDBAUGJCVYJHZlcnNpb25YJG9iamVjdHNZJGFyY2hpdmVyVCR0b3ASAAGGoKgHCBMUFRYaIVUkbnVsbNMJCgsMDxJXTlMua2V5c1pOUy5vYmplY3RzViRjbGFzc6INDoACgAOiEBGABIAFgAdccmVsYXRpdmVQYXRoWWFsaWFzRGF0YV5iYWxpZ2ExOTgwLnBkZtIXCxgZV05TLmRhdGFPEQHsAAAAAAHsAAIAAAxNYWNpbnRvc2ggSEQAAAAAAAAAAAAAAAAAAADSuUb2SCsAAABFo0kOYmFsaWdhMTk4MC5wZGYAAAAAAAAAAAAAAAAAAAAAAAAAAAAAAAAAAAAAAAAAAAAAAAAAAAAAAAAAAAAAAAAAAEufstP1f4RQREYgAAAAAAABAAIAAAkgAAAAAAAAAAAAAAAAAAAACnJlZmVyZW5jZXMAEAAIAADSualmAAAAEQAIAADT9dPkAAAAAQAcAEWjSQAYWvEAGFq0ABhZfQAYWW8ADl9iAAYsXwACAGVNYWNpbnRvc2ggSEQ6VXNlcnM6AGd2aWpheWE6AEN1cnJlbnRQcm9qZWN0czoAbmFsdUJhc2ljczoATmFsdURvYzoAdGhlb3J5OgByZWZlcmVuY2VzOgBiYWxpZ2ExOTgwLnBkZgAADgAeAA4AYgBhAGwAaQBnAGEAMQA5ADgAMAAuAHAAZABmAA8AGgAMAE0AYQBjAGkAbgB0AG8AcwBoACAASABEABIAUVVzZXJzL2d2aWpheWEvQ3VycmVudFByb2plY3RzL25hbHVCYXNpY3MvTmFsdURvYy90aGVvcnkvcmVmZXJlbmNlcy9iYWxpZ2ExOTgwLnBkZgAAEwABLwAAFQACAA7//wAAgAbSGxwdHlokY2xhc3NuYW1lWCRjbGFzc2VzXU5TTXV0YWJsZURhdGGjHR8gVk5TRGF0YVhOU09iamVjdNIbHCIjXE5TRGljdGlvbmFyeaIiIF8QD05TS2V5ZWRBcmNoaXZlctEmJ1Ryb290gAEACAARABoAIwAtADIANwBAAEYATQBVAGAAZwBqAGwAbgBxAHMAdQB3AIQAjgCdAKIAqgKaApwCoQKsArUCwwLHAs4C1wLcAukC7AL+AwEDBgAAAAAAAAIBAAAAAAAAACgAAAAAAAAAAAAAAAAAAAMI},
	Bdsk-Url-1 = {http://dx.doi.org/10.1080/01495728008961767}}

@article{Baliga:1980a,
	Abstract = { Abstract The formulation of a general numerical method for two-dimensional incompressible flow and heat transfer in irregular-shaped domains is presented. The calculation domain is first divided into six-node macroelements. Then each macroelement is divided into four three-node triangular subelements. Polygonal control volumes are associated with the nodes of these elements. All dependent variables other than pressure are stored at the nodes of the subelements, and they are interpolated by functions that respond appropriately to an element Peclet number and the direction of an element-averaged velocity vector. The pressure is stored only at the vertices of the macroelements and is interpolated linearly in these elements. The discretization equations are obtained by deriving algebraic approximations to integral conservation equations applied to the polygonal control volumes. An iterative procedure akin to SIMPLER is used to solve the discretization equations. },
	Author = {B. R. Baliga and S. V. Patankar},
	Date-Added = {2016-09-07 14:28:50 +0000},
	Date-Modified = {2016-09-07 14:31:25 +0000},
	Doi = {10.1080/01495728308963086},
	Eprint = {http://dx.doi.org/10.1080/01495728308963086},
	Journal = {Numerical Heat Transfer},
	Number = {3},
	Pages = {245-261},
	Title = {A control volume finite-element method for two-dimensional fluid flow and heat transfer},
	Url = {http://dx.doi.org/10.1080/01495728308963086},
	Volume = {6},
	Year = {1983},
	Bdsk-File-1 = {YnBsaXN0MDDUAQIDBAUGJCVYJHZlcnNpb25YJG9iamVjdHNZJGFyY2hpdmVyVCR0b3ASAAGGoKgHCBMUFRYaIVUkbnVsbNMJCgsMDxJXTlMua2V5c1pOUy5vYmplY3RzViRjbGFzc6INDoACgAOiEBGABIAFgAdccmVsYXRpdmVQYXRoWWFsaWFzRGF0YV8QD2JhbGlnYTE5ODBhLnBkZtIXCxgZV05TLmRhdGFPEQHuAAAAAAHuAAIAAAxNYWNpbnRvc2ggSEQAAAAAAAAAAAAAAAAAAADSuUb2SCsAAABFo0kPYmFsaWdhMTk4MGEucGRmAAAAAAAAAAAAAAAAAAAAAAAAAAAAAAAAAAAAAAAAAAAAAAAAAAAAAAAAAAAAAAAAAEufptP1f21QREYgAAAAAAABAAIAAAkgAAAAAAAAAAAAAAAAAAAACnJlZmVyZW5jZXMAEAAIAADSualmAAAAEQAIAADT9dPNAAAAAQAcAEWjSQAYWvEAGFq0ABhZfQAYWW8ADl9iAAYsXwACAGZNYWNpbnRvc2ggSEQ6VXNlcnM6AGd2aWpheWE6AEN1cnJlbnRQcm9qZWN0czoAbmFsdUJhc2ljczoATmFsdURvYzoAdGhlb3J5OgByZWZlcmVuY2VzOgBiYWxpZ2ExOTgwYS5wZGYADgAgAA8AYgBhAGwAaQBnAGEAMQA5ADgAMABhAC4AcABkAGYADwAaAAwATQBhAGMAaQBuAHQAbwBzAGgAIABIAEQAEgBSVXNlcnMvZ3ZpamF5YS9DdXJyZW50UHJvamVjdHMvbmFsdUJhc2ljcy9OYWx1RG9jL3RoZW9yeS9yZWZlcmVuY2VzL2JhbGlnYTE5ODBhLnBkZgATAAEvAAAVAAIADv//AACABtIbHB0eWiRjbGFzc25hbWVYJGNsYXNzZXNdTlNNdXRhYmxlRGF0YaMdHyBWTlNEYXRhWE5TT2JqZWN00hscIiNcTlNEaWN0aW9uYXJ5oiIgXxAPTlNLZXllZEFyY2hpdmVy0SYnVHJvb3SAAQAIABEAGgAjAC0AMgA3AEAARgBNAFUAYABnAGoAbABuAHEAcwB1AHcAhACOAKAApQCtAp8CoQKmArECugLIAswC0wLcAuEC7gLxAwMDBgMLAAAAAAAAAgEAAAAAAAAAKAAAAAAAAAAAAAAAAAAAAw0=},
	Bdsk-Url-1 = {http://dx.doi.org/10.1080/01495728308963086}}

@inproceedings{Domino:2014,
	Author = {Domino, S.},
	Booktitle = {Center for Turbulence Research Summer Proceedings},
	Title = {A comparison between low order and higher order low Mach discretization approaches},
	Year = {2014},
	Bdsk-File-1 = {YnBsaXN0MDDUAQIDBAUGJCVYJHZlcnNpb25YJG9iamVjdHNZJGFyY2hpdmVyVCR0b3ASAAGGoKgHCBMUFRYaIVUkbnVsbNMJCgsMDxJXTlMua2V5c1pOUy5vYmplY3RzViRjbGFzc6INDoACgAOiEBGABIAFgAdccmVsYXRpdmVQYXRoWWFsaWFzRGF0YV8Q6y4uLy4uLy4uLy4uLy4uLy4uLy4uLy4uL0FwcGxpY2F0aW9ucy9YY29kZS5hcHAvQ29udGVudHMvRGV2ZWxvcGVyL1BsYXRmb3Jtcy9XYXRjaFNpbXVsYXRvci5wbGF0Zm9ybS9EZXZlbG9wZXIvU0RLcy9XYXRjaFNpbXVsYXRvci5zZGsvU3lzdGVtL0xpYnJhcnkvUHJpdmF0ZUZyYW1ld29ya3MvUGVwcGVyVUlDb3JlLmZyYW1ld29yay9FbW9qaUFzc2V0cy5idW5kbGUvZmFjZS1yZWQtc2VxdWVuY2UtMDY1MC5wbmfSFwsYGVdOUy5kYXRhTxEDMAAAAAADMAACAAANTWFjaW50b3NoIFNTRAAAAAAAAAAAAAAAAAAA0rlG9kgrAAAARU+UGmZhY2UtcmVkLXNlcXVlbmNlLTA2NTAucG5nAAAAAAAAAAAAAAAAAAAAAAAAAAAAAAAAAAAAAAAAAAAAAAAAAABFUmrUCHdXAAAAAAAAAAAACAAPAAAJIAAAAAAAAAAAAAAAAAAAABJFbW9qaUFzc2V0cy5idW5kbGUAEAAIAADSualmAAAAEQAIAADUCMu3AAAAAQA4AEVPlABFT4kARQMfAEShpABEoaMARJhsAESYawBDXjgAQ143AENcOwBDW/UAQ1sDAENbAgAAAEcAAgDvTWFjaW50b3NoIFNTRDpBcHBsaWNhdGlvbnM6AFhjb2RlLmFwcDoAQ29udGVudHM6AERldmVsb3BlcjoAUGxhdGZvcm1zOgBXYXRjaFNpbXVsYXRvci5wbGF0Zm9ybToARGV2ZWxvcGVyOgBTREtzOgBXYXRjaFNpbXVsYXRvci5zZGs6AFN5c3RlbToATGlicmFyeToAUHJpdmF0ZUZyYW1ld29ya3M6AFBlcHBlclVJQ29yZS5mcmFtZXdvcms6AEVtb2ppQXNzZXRzLmJ1bmRsZToAZmFjZS1yZWQtc2VxdWVuY2UtMDY1MC5wbmcAAA4ANgAaAGYAYQBjAGUALQByAGUAZAAtAHMAZQBxAHUAZQBuAGMAZQAtADAANgA1ADAALgBwAG4AZwAPABwADQBNAGEAYwBpAG4AdABvAHMAaAAgAFMAUwBEABIA00FwcGxpY2F0aW9ucy9YY29kZS5hcHAvQ29udGVudHMvRGV2ZWxvcGVyL1BsYXRmb3Jtcy9XYXRjaFNpbXVsYXRvci5wbGF0Zm9ybS9EZXZlbG9wZXIvU0RLcy9XYXRjaFNpbXVsYXRvci5zZGsvU3lzdGVtL0xpYnJhcnkvUHJpdmF0ZUZyYW1ld29ya3MvUGVwcGVyVUlDb3JlLmZyYW1ld29yay9FbW9qaUFzc2V0cy5idW5kbGUvZmFjZS1yZWQtc2VxdWVuY2UtMDY1MC5wbmcAABMAAS8A//8AAIAG0hscHR5aJGNsYXNzbmFtZVgkY2xhc3Nlc11OU011dGFibGVEYXRhox0fIFZOU0RhdGFYTlNPYmplY3TSGxwiI1xOU0RpY3Rpb25hcnmiIiBfEA9OU0tleWVkQXJjaGl2ZXLRJidUcm9vdIABAAgAEQAaACMALQAyADcAQABGAE0AVQBgAGcAagBsAG4AcQBzAHUAdwCEAI4BfAGBAYkEvQS/BMQEzwTYBOYE6gTxBPoE/wUMBQ8FIQUkBSkAAAAAAAACAQAAAAAAAAAoAAAAAAAAAAAAAAAAAAAFKw==}}

@inproceedings{Domino:2014b,
	Author = {Domino, S.},
	Publisher = {Presentation at the Center for Turbuelnce Research 2014 Summer Program, Palo Alto, California, July 6 - August 4},
	Title = {Error Transport Equation (ETE) approaches for low Mach Large eddy simulations},
	Year = {2014}}

@article{Lin:2015,
	Author = {Lin, P. and Bettencourt, M. and Domino, S. and Fisher, T. and Hoemann, M. and Hu, J. and Phipps, E. and Prokopenko, A. and Rajamanickam, S. and Siefert, C. and Kennon, S.},
	Doi = {10.1142/S0129626414420055},
	Journal = {Parallel Processing Letters},
	Number = {4},
	Title = {Towards extreme-scale simulations for low {M}ach fluids with second generation {T}rilinos},
	Volume = {24},
	Year = {2015},
	Bdsk-Url-1 = {http://dx.doi.org/10.1142/S0129626414420055}}

@inproceedings{Domino:2006,
	Author = {Domino, S.},
	Booktitle = {Center for Turbulence Research Summer Proceedings},
	Title = {Towards verification of formal time accuracy for a family of approximate projection methods using the method of manufactured solutions},
	Year = {2006},
	Bdsk-File-1 = {YnBsaXN0MDDUAQIDBAUGJCVYJHZlcnNpb25YJG9iamVjdHNZJGFyY2hpdmVyVCR0b3ASAAGGoKgHCBMUFRYaIVUkbnVsbNMJCgsMDxJXTlMua2V5c1pOUy5vYmplY3RzViRjbGFzc6INDoACgAOiEBGABIAFgAdccmVsYXRpdmVQYXRoWWFsaWFzRGF0YV8Q6y4uLy4uLy4uLy4uLy4uLy4uLy4uLy4uL0FwcGxpY2F0aW9ucy9YY29kZS5hcHAvQ29udGVudHMvRGV2ZWxvcGVyL1BsYXRmb3Jtcy9XYXRjaFNpbXVsYXRvci5wbGF0Zm9ybS9EZXZlbG9wZXIvU0RLcy9XYXRjaFNpbXVsYXRvci5zZGsvU3lzdGVtL0xpYnJhcnkvUHJpdmF0ZUZyYW1ld29ya3MvUGVwcGVyVUlDb3JlLmZyYW1ld29yay9FbW9qaUFzc2V0cy5idW5kbGUvZmFjZS1yZWQtc2VxdWVuY2UtMDY0Mi5wbmfSFwsYGVdOUy5kYXRhTxEDMAAAAAADMAACAAANTWFjaW50b3NoIFNTRAAAAAAAAAAAAAAAAAAA0rlG9kgrAAAARU+UGmZhY2UtcmVkLXNlcXVlbmNlLTA2NDIucG5nAAAAAAAAAAAAAAAAAAAAAAAAAAAAAAAAAAAAAAAAAAAAAAAAAABFUmLUCHdXAAAAAAAAAAAACAAPAAAJIAAAAAAAAAAAAAAAAAAAABJFbW9qaUFzc2V0cy5idW5kbGUAEAAIAADSualmAAAAEQAIAADUCMu3AAAAAQA4AEVPlABFT4kARQMfAEShpABEoaMARJhsAESYawBDXjgAQ143AENcOwBDW/UAQ1sDAENbAgAAAEcAAgDvTWFjaW50b3NoIFNTRDpBcHBsaWNhdGlvbnM6AFhjb2RlLmFwcDoAQ29udGVudHM6AERldmVsb3BlcjoAUGxhdGZvcm1zOgBXYXRjaFNpbXVsYXRvci5wbGF0Zm9ybToARGV2ZWxvcGVyOgBTREtzOgBXYXRjaFNpbXVsYXRvci5zZGs6AFN5c3RlbToATGlicmFyeToAUHJpdmF0ZUZyYW1ld29ya3M6AFBlcHBlclVJQ29yZS5mcmFtZXdvcms6AEVtb2ppQXNzZXRzLmJ1bmRsZToAZmFjZS1yZWQtc2VxdWVuY2UtMDY0Mi5wbmcAAA4ANgAaAGYAYQBjAGUALQByAGUAZAAtAHMAZQBxAHUAZQBuAGMAZQAtADAANgA0ADIALgBwAG4AZwAPABwADQBNAGEAYwBpAG4AdABvAHMAaAAgAFMAUwBEABIA00FwcGxpY2F0aW9ucy9YY29kZS5hcHAvQ29udGVudHMvRGV2ZWxvcGVyL1BsYXRmb3Jtcy9XYXRjaFNpbXVsYXRvci5wbGF0Zm9ybS9EZXZlbG9wZXIvU0RLcy9XYXRjaFNpbXVsYXRvci5zZGsvU3lzdGVtL0xpYnJhcnkvUHJpdmF0ZUZyYW1ld29ya3MvUGVwcGVyVUlDb3JlLmZyYW1ld29yay9FbW9qaUFzc2V0cy5idW5kbGUvZmFjZS1yZWQtc2VxdWVuY2UtMDY0Mi5wbmcAABMAAS8A//8AAIAG0hscHR5aJGNsYXNzbmFtZVgkY2xhc3Nlc11OU011dGFibGVEYXRhox0fIFZOU0RhdGFYTlNPYmplY3TSGxwiI1xOU0RpY3Rpb25hcnmiIiBfEA9OU0tleWVkQXJjaGl2ZXLRJidUcm9vdIABAAgAEQAaACMALQAyADcAQABGAE0AVQBgAGcAagBsAG4AcQBzAHUAdwCEAI4BfAGBAYkEvQS/BMQEzwTYBOYE6gTxBPoE/wUMBQ8FIQUkBSkAAAAAAAACAQAAAAAAAAAoAAAAAAAAAAAAAAAAAAAFKw==}}

@inproceedings{Domino:2008,
	Author = {Domino, S.},
	Booktitle = {Center for Turbulence Research Summer Proceedings},
	Title = {A comparison of various equal-order interpolation methodologies using the method of manufactured solutions},
	Year = {2008},
	Bdsk-File-1 = {YnBsaXN0MDDUAQIDBAUGJCVYJHZlcnNpb25YJG9iamVjdHNZJGFyY2hpdmVyVCR0b3ASAAGGoKgHCBMUFRYaIVUkbnVsbNMJCgsMDxJXTlMua2V5c1pOUy5vYmplY3RzViRjbGFzc6INDoACgAOiEBGABIAFgAdccmVsYXRpdmVQYXRoWWFsaWFzRGF0YV8Q6y4uLy4uLy4uLy4uLy4uLy4uLy4uLy4uL0FwcGxpY2F0aW9ucy9YY29kZS5hcHAvQ29udGVudHMvRGV2ZWxvcGVyL1BsYXRmb3Jtcy9XYXRjaFNpbXVsYXRvci5wbGF0Zm9ybS9EZXZlbG9wZXIvU0RLcy9XYXRjaFNpbXVsYXRvci5zZGsvU3lzdGVtL0xpYnJhcnkvUHJpdmF0ZUZyYW1ld29ya3MvUGVwcGVyVUlDb3JlLmZyYW1ld29yay9FbW9qaUFzc2V0cy5idW5kbGUvZmFjZS1yZWQtc2VxdWVuY2UtMDg5OS5wbmfSFwsYGVdOUy5kYXRhTxEDMAAAAAADMAACAAANTWFjaW50b3NoIFNTRAAAAAAAAAAAAAAAAAAA0rlG9kgrAAAARU+UGmZhY2UtcmVkLXNlcXVlbmNlLTA4OTkucG5nAAAAAAAAAAAAAAAAAAAAAAAAAAAAAAAAAAAAAAAAAAAAAAAAAABFU2PUCHdYAAAAAAAAAAAACAAPAAAJIAAAAAAAAAAAAAAAAAAAABJFbW9qaUFzc2V0cy5idW5kbGUAEAAIAADSualmAAAAEQAIAADUCMu4AAAAAQA4AEVPlABFT4kARQMfAEShpABEoaMARJhsAESYawBDXjgAQ143AENcOwBDW/UAQ1sDAENbAgAAAEcAAgDvTWFjaW50b3NoIFNTRDpBcHBsaWNhdGlvbnM6AFhjb2RlLmFwcDoAQ29udGVudHM6AERldmVsb3BlcjoAUGxhdGZvcm1zOgBXYXRjaFNpbXVsYXRvci5wbGF0Zm9ybToARGV2ZWxvcGVyOgBTREtzOgBXYXRjaFNpbXVsYXRvci5zZGs6AFN5c3RlbToATGlicmFyeToAUHJpdmF0ZUZyYW1ld29ya3M6AFBlcHBlclVJQ29yZS5mcmFtZXdvcms6AEVtb2ppQXNzZXRzLmJ1bmRsZToAZmFjZS1yZWQtc2VxdWVuY2UtMDg5OS5wbmcAAA4ANgAaAGYAYQBjAGUALQByAGUAZAAtAHMAZQBxAHUAZQBuAGMAZQAtADAAOAA5ADkALgBwAG4AZwAPABwADQBNAGEAYwBpAG4AdABvAHMAaAAgAFMAUwBEABIA00FwcGxpY2F0aW9ucy9YY29kZS5hcHAvQ29udGVudHMvRGV2ZWxvcGVyL1BsYXRmb3Jtcy9XYXRjaFNpbXVsYXRvci5wbGF0Zm9ybS9EZXZlbG9wZXIvU0RLcy9XYXRjaFNpbXVsYXRvci5zZGsvU3lzdGVtL0xpYnJhcnkvUHJpdmF0ZUZyYW1ld29ya3MvUGVwcGVyVUlDb3JlLmZyYW1ld29yay9FbW9qaUFzc2V0cy5idW5kbGUvZmFjZS1yZWQtc2VxdWVuY2UtMDg5OS5wbmcAABMAAS8A//8AAIAG0hscHR5aJGNsYXNzbmFtZVgkY2xhc3Nlc11OU011dGFibGVEYXRhox0fIFZOU0RhdGFYTlNPYmplY3TSGxwiI1xOU0RpY3Rpb25hcnmiIiBfEA9OU0tleWVkQXJjaGl2ZXLRJidUcm9vdIABAAgAEQAaACMALQAyADcAQABGAE0AVQBgAGcAagBsAG4AcQBzAHUAdwCEAI4BfAGBAYkEvQS/BMQEzwTYBOYE6gTxBPoE/wUMBQ8FIQUkBSkAAAAAAAACAQAAAAAAAAAoAAAAAAAAAAAAAAAAAAAFKw==}}

@inproceedings{Domino:2010,
	Author = {Domino, S.},
	Booktitle = {Center for Turbulence Research Summer Proceedings},
	Title = {Towards verification of sliding mesh algorithms for complex applications using MMS},
	Year = {2010},
	Bdsk-File-1 = {YnBsaXN0MDDUAQIDBAUGJCVYJHZlcnNpb25YJG9iamVjdHNZJGFyY2hpdmVyVCR0b3ASAAGGoKgHCBMUFRYaIVUkbnVsbNMJCgsMDxJXTlMua2V5c1pOUy5vYmplY3RzViRjbGFzc6INDoACgAOiEBGABIAFgAdccmVsYXRpdmVQYXRoWWFsaWFzRGF0YV8Q6y4uLy4uLy4uLy4uLy4uLy4uLy4uLy4uL0FwcGxpY2F0aW9ucy9YY29kZS5hcHAvQ29udGVudHMvRGV2ZWxvcGVyL1BsYXRmb3Jtcy9XYXRjaFNpbXVsYXRvci5wbGF0Zm9ybS9EZXZlbG9wZXIvU0RLcy9XYXRjaFNpbXVsYXRvci5zZGsvU3lzdGVtL0xpYnJhcnkvUHJpdmF0ZUZyYW1ld29ya3MvUGVwcGVyVUlDb3JlLmZyYW1ld29yay9FbW9qaUFzc2V0cy5idW5kbGUvZmFjZS1yZWQtc2VxdWVuY2UtMDkxMC5wbmfSFwsYGVdOUy5kYXRhTxEDMAAAAAADMAACAAANTWFjaW50b3NoIFNTRAAAAAAAAAAAAAAAAAAA0rlG9kgrAAAARU+UGmZhY2UtcmVkLXNlcXVlbmNlLTA5MTAucG5nAAAAAAAAAAAAAAAAAAAAAAAAAAAAAAAAAAAAAAAAAAAAAAAAAABFU27UCHdYAAAAAAAAAAAACAAPAAAJIAAAAAAAAAAAAAAAAAAAABJFbW9qaUFzc2V0cy5idW5kbGUAEAAIAADSualmAAAAEQAIAADUCMu4AAAAAQA4AEVPlABFT4kARQMfAEShpABEoaMARJhsAESYawBDXjgAQ143AENcOwBDW/UAQ1sDAENbAgAAAEcAAgDvTWFjaW50b3NoIFNTRDpBcHBsaWNhdGlvbnM6AFhjb2RlLmFwcDoAQ29udGVudHM6AERldmVsb3BlcjoAUGxhdGZvcm1zOgBXYXRjaFNpbXVsYXRvci5wbGF0Zm9ybToARGV2ZWxvcGVyOgBTREtzOgBXYXRjaFNpbXVsYXRvci5zZGs6AFN5c3RlbToATGlicmFyeToAUHJpdmF0ZUZyYW1ld29ya3M6AFBlcHBlclVJQ29yZS5mcmFtZXdvcms6AEVtb2ppQXNzZXRzLmJ1bmRsZToAZmFjZS1yZWQtc2VxdWVuY2UtMDkxMC5wbmcAAA4ANgAaAGYAYQBjAGUALQByAGUAZAAtAHMAZQBxAHUAZQBuAGMAZQAtADAAOQAxADAALgBwAG4AZwAPABwADQBNAGEAYwBpAG4AdABvAHMAaAAgAFMAUwBEABIA00FwcGxpY2F0aW9ucy9YY29kZS5hcHAvQ29udGVudHMvRGV2ZWxvcGVyL1BsYXRmb3Jtcy9XYXRjaFNpbXVsYXRvci5wbGF0Zm9ybS9EZXZlbG9wZXIvU0RLcy9XYXRjaFNpbXVsYXRvci5zZGsvU3lzdGVtL0xpYnJhcnkvUHJpdmF0ZUZyYW1ld29ya3MvUGVwcGVyVUlDb3JlLmZyYW1ld29yay9FbW9qaUFzc2V0cy5idW5kbGUvZmFjZS1yZWQtc2VxdWVuY2UtMDkxMC5wbmcAABMAAS8A//8AAIAG0hscHR5aJGNsYXNzbmFtZVgkY2xhc3Nlc11OU011dGFibGVEYXRhox0fIFZOU0RhdGFYTlNPYmplY3TSGxwiI1xOU0RpY3Rpb25hcnmiIiBfEA9OU0tleWVkQXJjaGl2ZXLRJidUcm9vdIABAAgAEQAaACMALQAyADcAQABGAE0AVQBgAGcAagBsAG4AcQBzAHUAdwCEAI4BfAGBAYkEvQS/BMQEzwTYBOYE6gTxBPoE/wUMBQ8FIQUkBSkAAAAAAAACAQAAAAAAAAAoAAAAAAAAAAAAAAAAAAAFKw==}}

@inproceedings{Jasek:1996,
	Author = {Jasek, H.},
	Booktitle = {Ph.D. Thesis, Imperial College},
	Title = {Error analysis and estimation for the finite volume menthod with applications to fluid flow},
	Year = {1996}}

@inproceedings{Blades:2004,
	Author = {Blades, E.},
	Booktitle = {Ph.D. Thesis, Mississippi State},
	Title = {A sliding-interface methid for unstready unstructured parallel flow simulations},
	Year = {2004}}

@article{Martinez:2005,
	Author = {Martinez, M.},
	Journal = {Int. J. Num. Meth. Fluids},
	Number = {3},
	Pages = {347--376},
	Title = {Comparison of Galerkin and control volume finite element for advection-diffusion problems},
	Volume = {50},
	Year = {2005}}

@article{Shakib:1991,
	Author = {Shakib, F. and Hughes, T. J. R. and Zdenek, J.},
	Journal = {Comp. Meth. in App. Mech and Engr.},
	Pages = {141--219},
	Title = {A new finite element formulation for computational fluids dynamics: The compressible Euler and Navier Stokes equations},
	Volume = {89},
	Year = {1991}}

@article{Schneider:1987,
	Author = {Schneider, G. and Raw, M.},
	Date-Modified = {2016-09-07 14:37:32 +0000},
	Journal = {Numerial Heat Transfer},
	Number = {4},
	Pages = {363--390},
	Title = {Control volume finite element method for heat transfer and fluid flow using colocated variables - 1. Computational Procedure},
	Volume = {11},
	Year = {1987},
	Bdsk-File-1 = {YnBsaXN0MDDUAQIDBAUGJCVYJHZlcnNpb25YJG9iamVjdHNZJGFyY2hpdmVyVCR0b3ASAAGGoKgHCBMUFRYaIVUkbnVsbNMJCgsMDxJXTlMua2V5c1pOUy5vYmplY3RzViRjbGFzc6INDoACgAOiEBGABIAFgAdccmVsYXRpdmVQYXRoWWFsaWFzRGF0YV8QEXNjaG5laWRlcjE5ODcucGRm0hcLGBlXTlMuZGF0YU8RAfYAAAAAAfYAAgAADE1hY2ludG9zaCBIRAAAAAAAAAAAAAAAAAAAANK5RvZIKwAAAEWjSRFzY2huZWlkZXIxOTg3LnBkZgAAAAAAAAAAAAAAAAAAAAAAAAAAAAAAAAAAAAAAAAAAAAAAAAAAAAAAAAAAAAAAS5/F0/V/wlBERiAAAAAAAAEAAgAACSAAAAAAAAAAAAAAAAAAAAAKcmVmZXJlbmNlcwAQAAgAANK5qWYAAAARAAgAANP11CIAAAABABwARaNJABha8QAYWrQAGFl9ABhZbwAOX2IABixfAAIAaE1hY2ludG9zaCBIRDpVc2VyczoAZ3ZpamF5YToAQ3VycmVudFByb2plY3RzOgBuYWx1QmFzaWNzOgBOYWx1RG9jOgB0aGVvcnk6AHJlZmVyZW5jZXM6AHNjaG5laWRlcjE5ODcucGRmAA4AJAARAHMAYwBoAG4AZQBpAGQAZQByADEAOQA4ADcALgBwAGQAZgAPABoADABNAGEAYwBpAG4AdABvAHMAaAAgAEgARAASAFRVc2Vycy9ndmlqYXlhL0N1cnJlbnRQcm9qZWN0cy9uYWx1QmFzaWNzL05hbHVEb2MvdGhlb3J5L3JlZmVyZW5jZXMvc2NobmVpZGVyMTk4Ny5wZGYAEwABLwAAFQACAA7//wAAgAbSGxwdHlokY2xhc3NuYW1lWCRjbGFzc2VzXU5TTXV0YWJsZURhdGGjHR8gVk5TRGF0YVhOU09iamVjdNIbHCIjXE5TRGljdGlvbmFyeaIiIF8QD05TS2V5ZWRBcmNoaXZlctEmJ1Ryb290gAEACAARABoAIwAtADIANwBAAEYATQBVAGAAZwBqAGwAbgBxAHMAdQB3AIQAjgCiAKcArwKpAqsCsAK7AsQC0gLWAt0C5gLrAvgC+wMNAxADFQAAAAAAAAIBAAAAAAAAACgAAAAAAAAAAAAAAAAAAAMX}}

@article{Schneider:1987a,
	Author = {Schneider, G. and Raw, M.},
	Journal = {Numerial Heat Transfer},
	Number = {4},
	Pages = {391--400},
	Title = {Control volume finite element method for heat transfer and fluid flow using colocated variables - 2. Application and Validation},
	Volume = {11},
	Year = {1987},
	Bdsk-File-1 = {YnBsaXN0MDDUAQIDBAUGJCVYJHZlcnNpb25YJG9iamVjdHNZJGFyY2hpdmVyVCR0b3ASAAGGoKgHCBMUFRYaIVUkbnVsbNMJCgsMDxJXTlMua2V5c1pOUy5vYmplY3RzViRjbGFzc6INDoACgAOiEBGABIAFgAdccmVsYXRpdmVQYXRoWWFsaWFzRGF0YV8QEnNjaG5laWRlcjE5ODdhLnBkZtIXCxgZV05TLmRhdGFPEQH8AAAAAAH8AAIAAAxNYWNpbnRvc2ggSEQAAAAAAAAAAAAAAAAAAADSuUb2SCsAAABFo0kSc2NobmVpZGVyMTk4N2EucGRmAAAAAAAAAAAAAAAAAAAAAAAAAAAAAAAAAAAAAAAAAAAAAAAAAAAAAAAAAAAAAEufv9P1f7tQREYgAAAAAAABAAIAAAkgAAAAAAAAAAAAAAAAAAAACnJlZmVyZW5jZXMAEAAIAADSualmAAAAEQAIAADT9dQbAAAAAQAcAEWjSQAYWvEAGFq0ABhZfQAYWW8ADl9iAAYsXwACAGlNYWNpbnRvc2ggSEQ6VXNlcnM6AGd2aWpheWE6AEN1cnJlbnRQcm9qZWN0czoAbmFsdUJhc2ljczoATmFsdURvYzoAdGhlb3J5OgByZWZlcmVuY2VzOgBzY2huZWlkZXIxOTg3YS5wZGYAAA4AJgASAHMAYwBoAG4AZQBpAGQAZQByADEAOQA4ADcAYQAuAHAAZABmAA8AGgAMAE0AYQBjAGkAbgB0AG8AcwBoACAASABEABIAVVVzZXJzL2d2aWpheWEvQ3VycmVudFByb2plY3RzL25hbHVCYXNpY3MvTmFsdURvYy90aGVvcnkvcmVmZXJlbmNlcy9zY2huZWlkZXIxOTg3YS5wZGYAABMAAS8AABUAAgAO//8AAIAG0hscHR5aJGNsYXNzbmFtZVgkY2xhc3Nlc11OU011dGFibGVEYXRhox0fIFZOU0RhdGFYTlNPYmplY3TSGxwiI1xOU0RpY3Rpb25hcnmiIiBfEA9OU0tleWVkQXJjaGl2ZXLRJidUcm9vdIABAAgAEQAaACMALQAyADcAQABGAE0AVQBgAGcAagBsAG4AcQBzAHUAdwCEAI4AowCoALACsAKyArcCwgLLAtkC3QLkAu0C8gL/AwIDFAMXAxwAAAAAAAACAQAAAAAAAAAoAAAAAAAAAAAAAAAAAAADHg==}}

@article{Rehm:1978,
	Author = {Rehm, R. G. and H. R. Baum},
	Journal = {Journal of Research of the National Bureau of Standards},
	Pages = {279},
	Title = {The Equations of Motion for Thermally Driven Buoyant Flows},
	Volume = {83},
	Year = {1978}}

@techreport{Paolucci:1982,
	Author = {Paolucci, S.},
	Institution = {Sandia National Laboratories, Livermore, CA},
	Month = {December},
	Number = {SAND-828257},
	Title = {On the Filtering of Sound Waves from the Navier-Stokes Equations},
	Year = {1982}}

@article{Mentor:2003,
	Author = {Menter, F. R. and Kuntz, M. and R. Langtry},
	Journal = {Turb, Heat and Mass Trans},
	Title = {Ten years of industrial experience with the SST turbulence model},
	Year = {2003}}

@techreport{Tieszen:2005,
	Author = {Tieszen, S. and Domino, S. and Black, A.},
	Institution = {Sandia National Laboratories, Albuquerque, NM},
	Month = {June},
	Number = {SAND-20053210},
	Title = {Validation of a simple turbulence model suitable for closure of temporally-filtered Navier-Stokes equations using a helium plume},
	Year = {2005}}

@article{Rogallo:1984,
	Author = {Rogallo, R. and Moin, P.},
	Journal = {Annual Review of Fluid Mechanics},
	Pages = {99--137},
	Title = {Numerical simulation of turbulent flows},
	Volume = {16},
	Year = {1984}}

@inproceedings{Ducros:1998,
	Author = {Ducors, F. and Nicoud, F. and Poinsot, T.},
	Booktitle = {International Conference on Computational Conference},
	Title = {Wall-adapting local eddy-viscosity models for simulations in complex geometries},
	Volume = {50},
	Year = {1998}}

@techreport{Davidson:1997,
	Author = {Davidson, L.},
	Institution = {Chalmers University of Technology, Department of Thermo and Fluid Dynamics},
	Title = {Large-eddy simulations: A note on the derivation of the equations for the subgrid turbulent kintic energies},
	Year = {1997}}

@techreport{Edwards:2010,
	Author = {Edwards, H. and Williams, A. and Sjaardema, G. and Baur, D. and Cochran, W.},
	Institution = {Sandia National Laboratories, Albuquerque, NM},
	Number = {SAND-20101192},
	Title = {SIERRA Toolkit computational mesh computational model},
	Year = {2010}}

@techreport{Heroux:2003,
	Author = {Heroux, M. and Bartlett, R. and Howle, V. and Hoekstra, R. and Hu, J. and Kolda, T. and Lehoucq, R. and Long, K. and Pawlowski, R. and Phipps, E. and Salinger, A. and Thornquist, J. and Tuminaro, R. and Willenbring, J. and Williams, A.},
	Institution = {Sandia National Laboratories, Albuquerque, NM},
	Number = {SAND-20032927},
	Title = {An overview of Trilinos},
	Year = {2003}}

@unpublished{Vend:98,
	Author = {Venditti, D. A. and B. R. Baliga},
	Note = {Proc. 6th Annual Conference of the Computational Fluid Dynamics Society of Canada (CFD 98), pp. VIII-65--VIII-70, Quebec City, Canada, June 7-9},
	Title = {An h-Adaptive Sstrategy for CVFEM simulations of viscous incompressible flow},
	Year = {1998}}

@article{Aftosmis:94,
	Author = {Aftosmis, M.},
	Journal = {AIAA Journal},
	Number = {2},
	Pages = {268--277},
	Title = {Upwind method for simulation of viscous flow on adaptively refined meshes},
	Volume = {32},
	Year = {1994}}

@article{Mavriplis:00,
	Author = {Mavriplis, D. J.},
	Journal = {International Journal for Numerical Methods in Fluids},
	Number = {2},
	Pages = {93--111},
	Title = {Adaptive meshing techniques for viscous flow calculations on mixed element unstructured meshes},
	Volume = {34},
	Year = {2000}}

@article{Kallinderis:89,
	Author = {Kallinderis, Y. G. and J. R. Baron},
	Journal = {AIAA Journal},
	Number = {1},
	Pages = {37--43},
	Title = {Adaptive methods for a new Navier-Stokes algorithm},
	Volume = {27},
	Year = {1989}}

@article{Kallinderis:93,
	Author = {Kallinderis, Y. and P. Vijayan},
	Journal = {AIAA Journal},
	Number = {8},
	Pages = {1440--1447},
	Title = {Adaptive refinement-coarsening scheme for three-dimensional unstructured meshes},
	Volume = {31},
	Year = {1993}}

@article{Dyer:74,
      author={A. J. Dyer},
      title={A review of flux-profile relationships},
      journal={Boundary-Layer Meteorology},
      volume={7},
      pages={363--372},
      year={1974}
}

@article{Moeng:84,
      author={C.-H. Moeng},
      title={A Large-Eddy-Simulation Model for the Study of Planetary Boundary-Layer Turbulence},
      journal={J. Atmos. Sci.},
      volume={41},
      number={13},
      pages={2052--2062},
      year={1984}}

@InProceedings{Churchfield:2012,
  author =       {M. J. Churchfield and S. Lee and P. K. Moriarty and L. A. Martinez and S. Leonardi and G. Vijayakumar and J. G. Brasseur},
  title =        {A Large-Eddy Simulatiion of Wind-Plant Aerodynamics},
  booktitle =    {Proceedings of the 50th AIAA Aerospace Sciences Meeting including the New Horizons Forum and Aerospace Exposition},
  year =         {2012},
  month =        {9--12 Jan.},
}

@book{KatzPlotkin:2002,
  Author = {Joseph Katz and Allen Plotkin},
  Edition = {Second},
  Publisher = {Cambridge University Press},
  Title = {Low Speed Aerodynamics},
  Year = {2002}}

        
@techreport{FuegoTheoryManual:2016,
	Author = {SIERRA Thermal/Fluid Development Team},
	Institution = {Sandia National Laboratories},
	Month = {October},
	Number = {SAND2016-10163},
	Title = {SIERRA Low Mach Module: Fuego Theory Manual - Version 4.42},
	Year = {2016}}

@phdthesis{Martinez-Tossas2017,
  author       = {Luis A Mart{\'i}nez-Tossas}, 
  title        = {Large Eddy Simulations and Theoretical Analysis of Wind
                  Turbine Aerodynamics Using an Actuator Line Model},
  school       = {Johns Hopkins University},
  year         = 2017,
  address      = {Baltimore, MD USA},
  month        = {July}
}
